<?xml version="1.0" encoding="UTF-8"?><collection xmlns="http://www.loc.gov/MARC21/slim"><record><leader>00482nam--2200193-i-4500</leader><controlfield tag="001">000034809</controlfield><controlfield tag="002">20161230</controlfield><controlfield tag="005">20161230201040</controlfield><controlfield tag="008">060222s1000------------r-----000-0-rus-d</controlfield><datafield ind1=" " ind2=" " tag="040"><subfield code="a">IFIN-HH</subfield></datafield><datafield ind1=" " ind2=" " tag="041"><subfield code="a">rus</subfield></datafield><datafield ind1=" " ind2=" " tag="080"><subfield code="a">539.2</subfield></datafield><datafield ind1="1" ind2=" " tag="100"><subfield code="a">Lifsit, I.M</subfield></datafield><datafield ind1="1" ind2="0" tag="245"><subfield code="a">Elektronnaia teoria metallov</subfield><subfield code="c">I.m. lifsit, m.ia. azbeli, m.i. kaganov</subfield></datafield><datafield ind1=" " ind2=" " tag="260"><subfield code="a">Moskva</subfield><subfield code="b">Nauka</subfield><subfield code="c">1971</subfield></datafield><datafield ind1=" " ind2=" " tag="300"><subfield code="a">415P</subfield></datafield><datafield ind1="1" ind2=" " tag="700"><subfield code="a">Kaganov, M.I</subfield></datafield><datafield ind1=" " ind2=" " tag="852"><subfield code="a">36324</subfield><subfield code="c">539.2</subfield></datafield><datafield ind1=" " ind2=" " tag="CAT"><subfield code="a">Sys</subfield><subfield code="c">20121019</subfield><subfield code="h">140623</subfield></datafield></record></collection>